<?xml version = "1.0" encoding = "UTF-8"?><record>
  <leader>02541nmm#a2200541#c#4500</leader>
  <controlfield tag="005">20210409061457.0</controlfield>
  <controlfield tag="007">cr#|||||||||||</controlfield>
  <controlfield tag="008">111007|2011####gw######om#|########ger#c</controlfield>
  <controlfield tag="003">DE-605</controlfield>
  <controlfield tag="001">990188873820206441</controlfield>
  <datafield tag="016" ind1="7" ind2=" ">
    <subfield code="a">759807835</subfield>
    <subfield code="2">OCoLC</subfield>
  </datafield>
  <datafield tag="024" ind1="7" ind2=" ">
    <subfield code="a">urn:nbn:de:hbz:38m-0000004639</subfield>
    <subfield code="2">urn</subfield>
  </datafield>
  <datafield tag="035" ind1=" " ind2=" ">
    <subfield code="a">(DE-605)HT016987148</subfield>
  </datafield>
  <datafield tag="040" ind1=" " ind2=" ">
    <subfield code="a">38 M</subfield>
    <subfield code="b">ger</subfield>
    <subfield code="d">38 M</subfield>
    <subfield code="e">rakwb</subfield>
  </datafield>
  <datafield tag="041" ind1=" " ind2=" ">
    <subfield code="a">ger</subfield>
  </datafield>
  <datafield tag="044" ind1=" " ind2=" ">
    <subfield code="c">XA-DE</subfield>
  </datafield>
  <datafield tag="082" ind1="0" ind2=" ">
    <subfield code="a">610</subfield>
  </datafield>
  <datafield tag="084" ind1=" " ind2=" ">
    <subfield code="a">Nordrhein-Westfalen</subfield>
    <subfield code="0">https://nwbib.de/spatial#N01</subfield>
    <subfield code="2">nwbib</subfield>
    <subfield code="0">(uri) https://portal.dnb.de/opac.htm?method=simpleSearch&amp;cqlMode=true&amp;query=idn=040425703</subfield>
    <subfield code="0">(uri) http://viaf.org/viaf/sourceID/DNB|040425703</subfield>
  </datafield>
  <datafield tag="084" ind1=" " ind2=" ">
    <subfield code="a">Medizinische Versorgung</subfield>
    <subfield code="0">https://nwbib.de/subjects#N532030</subfield>
    <subfield code="2">nwbib</subfield>
  </datafield>
  <datafield tag="100" ind1="1" ind2=" ">
    <subfield code="a">Teschers, Sebastian Friedrich</subfield>
    <subfield code="d">1976-</subfield>
    <subfield code="0">(DE-588)1015942377</subfield>
    <subfield code="4">aut</subfield>
    <subfield code="0">(uri) https://portal.dnb.de/opac.htm?method=simpleSearch&amp;cqlMode=true&amp;query=idn=1015942377</subfield>
    <subfield code="0">(uri) http://viaf.org/viaf/sourceID/DNB|1015942377</subfield>
    <subfield code="B">GND-1015942377</subfield>
  </datafield>
  <datafield tag="245" ind1="1" ind2="0">
    <subfield code="a">Qualit&#228;tskontrolle in der ambulanten bildgebenden Diagnostik in NRW</subfield>
    <subfield code="h">Elektronische Ressource</subfield>
    <subfield code="c">vorgelegt von Sebastian Friedrich Teschers ; 1. Berichterstatterin: Frau Professor Dr. med. K. B. Krug 2. Berichterstatter: Universit&#228;tsprofessor Dr. re. Nat. W. Lehmacher ; aus dem Institut und der Poliklinik f&#252;r Radiologische Diagnostik Der Universit&#228;t zu K&#246;ln</subfield>
  </datafield>
  <datafield tag="264" ind1=" " ind2="1">
    <subfield code="c">2011</subfield>
  </datafield>
  <datafield tag="300" ind1=" " ind2=" ">
    <subfield code="a">97 S. : graph. Darst.</subfield>
  </datafield>
  <datafield tag="340" ind1=" " ind2=" ">
    <subfield code="a">Archivierte Online-Ressource</subfield>
    <subfield code="9">F:652a</subfield>
  </datafield>
  <datafield tag="502" ind1=" " ind2=" ">
    <subfield code="a">K&#246;ln, Univ., Diss., 2011</subfield>
  </datafield>
  <datafield tag="689" ind1="0" ind2="0">
    <subfield code="a">Nordrhein-Westfalen</subfield>
    <subfield code="D">g</subfield>
    <subfield code="0">(DE-588)4042570-8</subfield>
    <subfield code="0">(uri) https://portal.dnb.de/opac.htm?method=simpleSearch&amp;cqlMode=true&amp;query=idn=040425703</subfield>
    <subfield code="0">(uri) http://viaf.org/viaf/sourceID/DNB|040425703</subfield>
    <subfield code="B">GND-040425703</subfield>
  </datafield>
  <datafield tag="689" ind1="0" ind2="1">
    <subfield code="a">Diagnostik</subfield>
    <subfield code="D">s</subfield>
    <subfield code="0">(DE-588)4113303-1</subfield>
    <subfield code="0">(uri) https://portal.dnb.de/opac.htm?method=simpleSearch&amp;cqlMode=true&amp;query=idn=04113303X</subfield>
    <subfield code="0">(uri) http://viaf.org/viaf/sourceID/DNB|04113303X</subfield>
    <subfield code="B">GND-04113303X</subfield>
  </datafield>
  <datafield tag="689" ind1="0" ind2="2">
    <subfield code="a">Bildgebendes Verfahren</subfield>
    <subfield code="D">s</subfield>
    <subfield code="0">(DE-588)4006617-4</subfield>
    <subfield code="0">(uri) https://portal.dnb.de/opac.htm?method=simpleSearch&amp;cqlMode=true&amp;query=idn=040066177</subfield>
    <subfield code="0">(uri) http://viaf.org/viaf/sourceID/DNB|040066177</subfield>
    <subfield code="B">GND-040066177</subfield>
  </datafield>
  <datafield tag="689" ind1="0" ind2="3">
    <subfield code="a">Ambulante Behandlung</subfield>
    <subfield code="D">s</subfield>
    <subfield code="0">(DE-588)4142176-0</subfield>
    <subfield code="0">(uri) https://portal.dnb.de/opac.htm?method=simpleSearch&amp;cqlMode=true&amp;query=idn=041421760</subfield>
    <subfield code="0">(uri) http://viaf.org/viaf/sourceID/DNB|041421760</subfield>
    <subfield code="B">GND-041421760</subfield>
  </datafield>
  <datafield tag="689" ind1="0" ind2="4">
    <subfield code="a">Qualit&#228;tskontrolle</subfield>
    <subfield code="D">s</subfield>
    <subfield code="0">(DE-588)4047968-7</subfield>
    <subfield code="0">(uri) https://portal.dnb.de/opac.htm?method=simpleSearch&amp;cqlMode=true&amp;query=idn=040479684</subfield>
    <subfield code="0">(uri) http://viaf.org/viaf/sourceID/DNB|040479684</subfield>
    <subfield code="B">GND-040479684</subfield>
  </datafield>
  <datafield tag="689" ind1="0" ind2="5">
    <subfield code="a">Online-Ressource</subfield>
    <subfield code="A">f</subfield>
  </datafield>
  <datafield tag="700" ind1="1" ind2=" ">
    <subfield code="a">Krug, Kathrin Barbara</subfield>
    <subfield code="4">dgs</subfield>
  </datafield>
  <datafield tag="700" ind1="1" ind2=" ">
    <subfield code="a">Lehmacher, Walter</subfield>
    <subfield code="0">(DE-588)1168633028</subfield>
    <subfield code="4">dgs</subfield>
    <subfield code="0">(uri) https://portal.dnb.de/opac.htm?method=simpleSearch&amp;cqlMode=true&amp;query=idn=1168633028</subfield>
    <subfield code="0">(uri) http://viaf.org/viaf/sourceID/DNB|1168633028</subfield>
    <subfield code="B">GND-1168633028</subfield>
  </datafield>
  <datafield tag="710" ind1="2" ind2=" ">
    <subfield code="a">Institut und Poliklinik f&#252;r Radiologische Diagnostik</subfield>
    <subfield code="g">K&#246;ln</subfield>
    <subfield code="0">(DE-588)10062763-8</subfield>
    <subfield code="4">oth</subfield>
    <subfield code="0">(uri) https://portal.dnb.de/opac.htm?method=simpleSearch&amp;cqlMode=true&amp;query=idn=968700837</subfield>
    <subfield code="0">(uri) http://viaf.org/viaf/sourceID/DNB|968700837</subfield>
    <subfield code="B">GND-968700837</subfield>
  </datafield>
  <datafield tag="751" ind1=" " ind2=" ">
    <subfield code="a">K&#246;ln</subfield>
    <subfield code="0">2015732-0</subfield>
    <subfield code="4">uvp</subfield>
  </datafield>
  <datafield tag="776" ind1="0" ind2="8">
    <subfield code="i">Erscheint auch als</subfield>
    <subfield code="n">Druckausg.</subfield>
    <subfield code="t">Teschers, Sebastian Friedrich: Qualit&#228;tskontrolle in der ambulanten bildgebenden Diagnostik in NRW</subfield>
    <subfield code="w">(DE-605)HT016988256</subfield>
  </datafield>
  <datafield tag="856" ind1="4" ind2=" ">
    <subfield code="u">http://dx.doi.org/10.4126/38m-38m-000000463</subfield>
    <subfield code="q">pdf</subfield>
    <subfield code="x">Resolving-System</subfield>
    <subfield code="z">kostenfrei</subfield>
    <subfield code="3">Volltext</subfield>
  </datafield>
  <datafield tag="856" ind1="4" ind2=" ">
    <subfield code="u">http://nbn-resolving.de/urn:nbn:de:hbz:38m-0000004639</subfield>
    <subfield code="q">pdf</subfield>
    <subfield code="x">Resolving-System</subfield>
    <subfield code="z">kostenfrei</subfield>
    <subfield code="3">Volltext</subfield>
  </datafield>
  <datafield tag="856" ind1="4" ind2="0">
    <subfield code="u">https://repository.publisso.de/resource/frl:4310774</subfield>
    <subfield code="x">Langzeitarchivierung</subfield>
  </datafield>
  <datafield tag="960" ind1="1" ind2=" ">
    <subfield code="i">iall</subfield>
  </datafield>
  <datafield tag="960" ind1="1" ind2=" ">
    <subfield code="r">38 M: ellinet; GND: (DE-588)1053580-9</subfield>
  </datafield>
  <datafield tag="960" ind1="1" ind2=" ">
    <subfield code="n">NWBib-61</subfield>
  </datafield>
  <datafield tag="964" ind1="0" ind2="s">
    <subfield code="F">030</subfield>
    <subfield code="A">a|1uc||||||17</subfield>
  </datafield>
  <datafield tag="964" ind1="0" ind2="s">
    <subfield code="F">050</subfield>
    <subfield code="A">||||||||g|||||</subfield>
  </datafield>
  <datafield tag="964" ind1="0" ind2="s">
    <subfield code="F">051</subfield>
    <subfield code="A">my||||||</subfield>
  </datafield>
  <datafield tag="035" ind1=" " ind2=" ">
    <subfield code="a">(OCoLC)759807835</subfield>
    <subfield code="0">(uri) http://www.worldcat.org/oclc/759807835</subfield>
  </datafield>
  <datafield tag="035" ind1=" " ind2=" ">
    <subfield code="a">(DE-599)HBZHT016987148</subfield>
  </datafield>
  <datafield tag="024" ind1="7" ind2=" ">
    <subfield code="a">10.4126/38m-000000463</subfield>
    <subfield code="2">doi</subfield>
  </datafield>
  <datafield tag="MBD" ind1=" " ind2=" ">
    <subfield code="M">49HBZ_NETWORK</subfield>
    <subfield code="i">990188873820206441</subfield>
    <subfield code="n">HBZ Network</subfield>
  </datafield>
  <datafield tag="MNG" ind1=" " ind2=" ">
    <subfield code="c">System</subfield>
    <subfield code="f">ILS</subfield>
    <subfield code="i">marc21</subfield>
    <subfield code="k">01</subfield>
    <subfield code="e">false</subfield>
    <subfield code="d">2021-04-09 06:14:57 Europe/Berlin</subfield>
    <subfield code="g">018887382-HBZ01</subfield>
    <subfield code="j">60</subfield>
    <subfield code="a">import</subfield>
    <subfield code="b">2021-04-05 21:43:54 Europe/Berlin</subfield>
  </datafield>
  <datafield tag="GST" ind1=" " ind2=" ">
    <subfield code="a">Gu&#776;tepru&#776;fung</subfield>
    <subfield code="A">GND</subfield>
    <subfield code="B">GND-040479684</subfield>
    <subfield code="C">450</subfield>
  </datafield>
  <datafield tag="GST" ind1=" " ind2=" ">
    <subfield code="a">Qualita&#776;tspru&#776;fung</subfield>
    <subfield code="A">GND</subfield>
    <subfield code="B">GND-040479684</subfield>
    <subfield code="C">450</subfield>
  </datafield>
  <datafield tag="GST" ind1=" " ind2=" ">
    <subfield code="a">Quality control</subfield>
    <subfield code="A">GND</subfield>
    <subfield code="B">GND-040479684</subfield>
    <subfield code="C">450</subfield>
  </datafield>
  <datafield tag="GSI" ind1="7" ind2=" ">
    <subfield code="a">http://d-nb.info/gnd/4047968-7</subfield>
    <subfield code="2">uri</subfield>
    <subfield code="A">GND</subfield>
    <subfield code="B">GND-040479684</subfield>
    <subfield code="C">024</subfield>
  </datafield>
  <datafield tag="GST" ind1=" " ind2=" ">
    <subfield code="a">Ambulante a&#776;rztliche Versorgung</subfield>
    <subfield code="A">GND</subfield>
    <subfield code="B">GND-041421760</subfield>
    <subfield code="C">450</subfield>
  </datafield>
  <datafield tag="GST" ind1=" " ind2=" ">
    <subfield code="a">Ambulante Krankenversorgung</subfield>
    <subfield code="A">GND</subfield>
    <subfield code="B">GND-041421760</subfield>
    <subfield code="C">450</subfield>
  </datafield>
  <datafield tag="GST" ind1=" " ind2=" ">
    <subfield code="a">Ambulante Therapie</subfield>
    <subfield code="A">GND</subfield>
    <subfield code="B">GND-041421760</subfield>
    <subfield code="C">450</subfield>
  </datafield>
  <datafield tag="GSI" ind1="7" ind2=" ">
    <subfield code="a">http://d-nb.info/gnd/4142176-0</subfield>
    <subfield code="2">uri</subfield>
    <subfield code="A">GND</subfield>
    <subfield code="B">GND-041421760</subfield>
    <subfield code="C">024</subfield>
  </datafield>
  <datafield tag="GST" ind1=" " ind2=" ">
    <subfield code="a">Bildgebendes Diagnoseverfahren</subfield>
    <subfield code="A">GND</subfield>
    <subfield code="B">GND-040066177</subfield>
    <subfield code="C">450</subfield>
  </datafield>
  <datafield tag="GST" ind1=" " ind2=" ">
    <subfield code="a">Diagnostik</subfield>
    <subfield code="x">Bildgebendes Verfahren</subfield>
    <subfield code="A">GND</subfield>
    <subfield code="B">GND-040066177</subfield>
    <subfield code="C">450</subfield>
  </datafield>
  <datafield tag="GST" ind1=" " ind2=" ">
    <subfield code="a">Bilddiagnostik</subfield>
    <subfield code="A">GND</subfield>
    <subfield code="B">GND-040066177</subfield>
    <subfield code="C">450</subfield>
  </datafield>
  <datafield tag="GST" ind1=" " ind2=" ">
    <subfield code="a">Bildgebende Methode</subfield>
    <subfield code="A">GND</subfield>
    <subfield code="B">GND-040066177</subfield>
    <subfield code="C">450</subfield>
  </datafield>
  <datafield tag="GST" ind1=" " ind2=" ">
    <subfield code="a">Medical Imaging</subfield>
    <subfield code="A">GND</subfield>
    <subfield code="B">GND-040066177</subfield>
    <subfield code="C">450</subfield>
  </datafield>
  <datafield tag="GST" ind1=" " ind2=" ">
    <subfield code="a">Medizinische Bildgebung</subfield>
    <subfield code="A">GND</subfield>
    <subfield code="B">GND-040066177</subfield>
    <subfield code="C">450</subfield>
  </datafield>
  <datafield tag="GST" ind1=" " ind2=" ">
    <subfield code="a">Bildgebende Diagnostik</subfield>
    <subfield code="A">GND</subfield>
    <subfield code="B">GND-040066177</subfield>
    <subfield code="C">450</subfield>
  </datafield>
  <datafield tag="GST" ind1=" " ind2=" ">
    <subfield code="a">Bildgebende Verfahren</subfield>
    <subfield code="A">GND</subfield>
    <subfield code="B">GND-040066177</subfield>
    <subfield code="C">450</subfield>
  </datafield>
  <datafield tag="GST" ind1=" " ind2=" ">
    <subfield code="a">Imaging</subfield>
    <subfield code="A">GND</subfield>
    <subfield code="B">GND-040066177</subfield>
    <subfield code="C">450</subfield>
  </datafield>
  <datafield tag="GSI" ind1="7" ind2=" ">
    <subfield code="a">http://d-nb.info/gnd/4006617-4</subfield>
    <subfield code="2">uri</subfield>
    <subfield code="A">GND</subfield>
    <subfield code="B">GND-040066177</subfield>
    <subfield code="C">024</subfield>
  </datafield>
  <datafield tag="GST" ind1=" " ind2=" ">
    <subfield code="a">Medizinische Diagnostik</subfield>
    <subfield code="A">GND</subfield>
    <subfield code="B">GND-04113303X</subfield>
    <subfield code="C">450</subfield>
  </datafield>
  <datafield tag="GST" ind1=" " ind2=" ">
    <subfield code="a">Medizin</subfield>
    <subfield code="x">Diagnostik</subfield>
    <subfield code="A">GND</subfield>
    <subfield code="B">GND-04113303X</subfield>
    <subfield code="C">450</subfield>
  </datafield>
  <datafield tag="GST" ind1=" " ind2=" ">
    <subfield code="a">Klinische Diagnostik</subfield>
    <subfield code="A">GND</subfield>
    <subfield code="B">GND-04113303X</subfield>
    <subfield code="C">450</subfield>
  </datafield>
  <datafield tag="GST" ind1=" " ind2=" ">
    <subfield code="a">Diagnostisches Verfahren</subfield>
    <subfield code="A">GND</subfield>
    <subfield code="B">GND-04113303X</subfield>
    <subfield code="C">450</subfield>
  </datafield>
  <datafield tag="GSI" ind1="7" ind2=" ">
    <subfield code="a">http://d-nb.info/gnd/4113303-1</subfield>
    <subfield code="2">uri</subfield>
    <subfield code="A">GND</subfield>
    <subfield code="B">GND-04113303X</subfield>
    <subfield code="C">024</subfield>
  </datafield>
  <datafield tag="GSI" ind1="7" ind2=" ">
    <subfield code="a">4042570-8</subfield>
    <subfield code="0">http://d-nb.info/gnd/4042570-8</subfield>
    <subfield code="2">gnd</subfield>
    <subfield code="A">GND</subfield>
    <subfield code="B">GND-040425703</subfield>
    <subfield code="C">024</subfield>
  </datafield>
  <datafield tag="GGN" ind1=" " ind2=" ">
    <subfield code="a">Nord-Westphalie</subfield>
    <subfield code="A">GND</subfield>
    <subfield code="B">GND-040425703</subfield>
    <subfield code="C">451</subfield>
  </datafield>
  <datafield tag="GGN" ind1=" " ind2=" ">
    <subfield code="a">Norte-Westfalia</subfield>
    <subfield code="A">GND</subfield>
    <subfield code="B">GND-040425703</subfield>
    <subfield code="C">451</subfield>
  </datafield>
  <datafield tag="GGN" ind1=" " ind2=" ">
    <subfield code="a">NRW</subfield>
    <subfield code="4">abku</subfield>
    <subfield code="4">https://d-nb.info/standards/elementset/gnd#abbreviatedNameForThePlaceOrGeographicName</subfield>
    <subfield code="w">r</subfield>
    <subfield code="i">Abkuerzung</subfield>
    <subfield code="A">GND</subfield>
    <subfield code="B">GND-040425703</subfield>
    <subfield code="C">451</subfield>
  </datafield>
  <datafield tag="GGN" ind1=" " ind2=" ">
    <subfield code="a">North Rhine-Westphalia</subfield>
    <subfield code="A">GND</subfield>
    <subfield code="B">GND-040425703</subfield>
    <subfield code="C">451</subfield>
  </datafield>
  <datafield tag="GGN" ind1=" " ind2=" ">
    <subfield code="a">NW</subfield>
    <subfield code="4">abku</subfield>
    <subfield code="4">https://d-nb.info/standards/elementset/gnd#abbreviatedNameForThePlaceOrGeographicName</subfield>
    <subfield code="w">r</subfield>
    <subfield code="i">Abkuerzung</subfield>
    <subfield code="A">GND</subfield>
    <subfield code="B">GND-040425703</subfield>
    <subfield code="C">451</subfield>
  </datafield>
  <datafield tag="GGN" ind1=" " ind2=" ">
    <subfield code="a">Noordrijn-Westfalen</subfield>
    <subfield code="A">GND</subfield>
    <subfield code="B">GND-040425703</subfield>
    <subfield code="C">451</subfield>
  </datafield>
  <datafield tag="GGN" ind1=" " ind2=" ">
    <subfield code="a">North-Rhine/Westphalia</subfield>
    <subfield code="A">GND</subfield>
    <subfield code="B">GND-040425703</subfield>
    <subfield code="C">451</subfield>
  </datafield>
  <datafield tag="GGN" ind1=" " ind2=" ">
    <subfield code="a">Land Nordrhein-Westfalen</subfield>
    <subfield code="4">nauv</subfield>
    <subfield code="4">https://d-nb.info/standards/elementset/gnd#variantName</subfield>
    <subfield code="w">r</subfield>
    <subfield code="i">Unveraenderte Form</subfield>
    <subfield code="A">GND</subfield>
    <subfield code="B">GND-040425703</subfield>
    <subfield code="C">451</subfield>
  </datafield>
  <datafield tag="GKT" ind1="2" ind2=" ">
    <subfield code="a">Universita&#776;t Ko&#776;ln</subfield>
    <subfield code="b">Institut und Poliklinik fu&#776;r Radiologische Diagnostik</subfield>
    <subfield code="A">GND</subfield>
    <subfield code="B">GND-968700837</subfield>
    <subfield code="C">410</subfield>
  </datafield>
  <datafield tag="GKT" ind1="2" ind2=" ">
    <subfield code="a">Poliklinik fu&#776;r Radiologische Diagnostik</subfield>
    <subfield code="g">Ko&#776;ln</subfield>
    <subfield code="A">GND</subfield>
    <subfield code="B">GND-968700837</subfield>
    <subfield code="C">410</subfield>
  </datafield>
  <datafield tag="GKT" ind1="2" ind2=" ">
    <subfield code="a">Universita&#776;t Ko&#776;ln</subfield>
    <subfield code="b">Poliklinik fu&#776;r Radiologische Diagnostik</subfield>
    <subfield code="A">GND</subfield>
    <subfield code="B">GND-968700837</subfield>
    <subfield code="C">410</subfield>
  </datafield>
  <datafield tag="GSI" ind1="7" ind2=" ">
    <subfield code="a">http://d-nb.info/gnd/10062763-8</subfield>
    <subfield code="2">uri</subfield>
    <subfield code="A">GND</subfield>
    <subfield code="B">GND-968700837</subfield>
    <subfield code="C">024</subfield>
  </datafield>
  <datafield tag="GSI" ind1="7" ind2=" ">
    <subfield code="a">http://d-nb.info/gnd/1168633028</subfield>
    <subfield code="2">uri</subfield>
    <subfield code="A">GND</subfield>
    <subfield code="B">GND-1168633028</subfield>
    <subfield code="C">024</subfield>
  </datafield>
  <datafield tag="GSI" ind1="7" ind2=" ">
    <subfield code="a">http://d-nb.info/gnd/1015942377</subfield>
    <subfield code="2">uri</subfield>
    <subfield code="A">GND</subfield>
    <subfield code="B">GND-1015942377</subfield>
    <subfield code="C">024</subfield>
  </datafield>
</record>